<?xml version="1.0" encoding="UTF-8"?><record xmlns="http://www.loc.gov/MARC21/slim" xmlns:cinclude="http://apache.org/cocoon/include/1.0" xmlns:zs="http://www.loc.gov/zing/srw/">
  <leader>00476cz  a2200133n  4500</leader>
  <controlfield tag="001">nr 90013742 </controlfield>
  <controlfield tag="003">DLC</controlfield>
  <controlfield tag="005">20011018063228.0</controlfield>
  <controlfield tag="008">900806n| acannaab|          |n aaa     c</controlfield>
  <datafield tag="010" ind1=" " ind2=" ">
    <subfield code="a">nr 90013742 </subfield>
  </datafield>
  <datafield tag="040" ind1=" " ind2=" ">
    <subfield code="a">NjP</subfield>
    <subfield code="c">NjP</subfield>
    <subfield code="d">Uk</subfield>
  </datafield>
  <datafield tag="100" ind1="1" ind2="0">
    <subfield code="a">Liehu, Heidi</subfield>
  </datafield>
  <datafield tag="670" ind1=" " ind2=" ">
    <subfield code="a">Her SĂ¸ren Kierkegaard's theory of stages and its relation to Hegel, 1990:</subfield>
    <subfield code="b">t.p. (Heidi Liehu)</subfield>
  </datafield>
  <datafield tag="670" ind1=" " ind2=" ">
    <subfield code="a">Long, long goodbyes, 2000:</subfield>
    <subfield code="b">back cover (Heidi Liehu, born 1967; feminist scholar with a doctorate in philosophy)</subfield>
  </datafield>
</record>